<?xml version="1.0" encoding="UTF-8"?><record xmlns="http://www.loc.gov/MARC21/slim" xmlns:cinclude="http://apache.org/cocoon/include/1.0" xmlns:zs="http://www.loc.gov/zing/srw/">
  <leader>00539cz  a2200121n  4500</leader>
  <controlfield tag="001">n  88174508 </controlfield>
  <controlfield tag="003">DLC</controlfield>
  <controlfield tag="005">20141210072520.0</controlfield>
  <controlfield tag="008">891122n| azannaab           |n ana      </controlfield>
  <datafield tag="010" ind1=" " ind2=" ">
    <subfield code="a">n  88174508 </subfield>
  </datafield>
  <datafield tag="040" ind1=" " ind2=" ">
    <subfield code="a">DLC</subfield>
    <subfield code="b">eng</subfield>
    <subfield code="e">rda</subfield>
    <subfield code="c">DLC</subfield>
    <subfield code="d">DLC</subfield>
  </datafield>
  <datafield tag="110" ind1="1" ind2=" ">
    <subfield code="a">Thailand.</subfield>
    <subfield code="t">Phrarātchabanyat Saphā Kānsưksā hǣng Chāt, Phō̜. Sō̜. 2502</subfield>
  </datafield>
  <datafield tag="670" ind1=" " ind2=" ">
    <subfield code="a">Sap nai rātchakān læ rāchāsap, 1964:</subfield>
    <subfield code="b">p. 8 (citation title in text of law: this royal decree shall be called: Phrarātchabanyat Saphā Kānsưksā hǣng Chāt, Phō̜. Sō̜. 2502)</subfield>
  </datafield>
</record>